@article{abagen, 
  title={rmarkello/abagen},
  author={Markello, Ross and Shafiei, Golia and Zheng, Ying-Qiu and Mi{\v{s}}i{\'{c}}, Bratislav}, 
  journal={Zenodo},
  volume={doi:10.5281/zenodo.3451463},
  publisher={Zenodo}, 
  year={2021}
}

@misc{allenwhitepaper,
  title={Allen {H}uman {B}rain {A}tlas online documentation},
  author={{Allen Institute for Brain Science}},
  year={2013},
  note={\url{https://help.brain-map.org/display/humanbrain/Documentation}}
}

@article{anderson2018natcomm,
  title={Gene expression links functional networks across cortex and striatum},
  author={Anderson, Kevin M and Krienen, Fenna M and Choi, Eun Young and Reinen, Jenna M and Yeo, BT Thomas and Holmes, Avram J},
  journal={Nature Communications},
  volume={9},
  number={1},
  pages={1--14},
  year={2018},
  publisher={Nature Publishing Group}
}

@article{anderson2020natcomm,
  title={Transcriptional and imaging-genetic association of cortical interneurons, brain function, and schizophrenia risk},
  author={Anderson, Kevin M and Collins, Meghan A and Chin, Rowena and Ge, Tian and Rosenberg, Monica D and Holmes, Avram J},
  journal={Nature Communications},
  volume={11},
  number={1},
  pages={1--15},
  year={2020},
  publisher={Nature Publishing Group}
}

@article{anderson2020pnas,
  title={Convergent molecular, cellular, and cortical neuroimaging signatures of major depressive disorder},
  author={Anderson, Kevin M and Collins, Meghan A and Kong, Ru and Fang, Kacey and Li, Jingwei and He, Tong and Chekroud, Adam M and Yeo, BT Thomas and Holmes, Avram J},
  journal={Proceedings of the National Academy of Sciences},
  volume={117},
  number={40},
  pages={25138--25149},
  year={2020},
  publisher={National Acad Sciences}
}

@article{arnatkeviciute2019neuroimage,
  title={A practical guide to linking brain-wide gene expression and neuroimaging data},
  author={Arnatkevi{\u{c}}i{\=u}t{\.e}, Aurina and Fulcher, Ben D and Fornito, Alex},
  journal={NeuroImage},
  volume={189},
  pages={353--367},
  year={2019},
  publisher={Elsevier}
}

@article{arnatkevivciute2020genetic,
  title={Genetic influences on hub connectivity of the human connectome},
  author={Arnatkevi{\v{c}}i{\=u}t{\.e}, A and Fulcher, BD and Oldham, S and Tiego, J and Paquola, C and Gerring, Z and Aquino, K and Hawi, Z and Johnson, B and Ball, G and Klein, M and Deco, G and Franke, B and Bellgrove, M and Fornito, A},
  journal={bioRxiv},
  year={2020},
  publisher={Cold Spring Harbor Laboratory}
}


@article{arnatkeviciute2021psyarxiv,
  title={Where the genome meets the connectome: understanding how genes shape human brain connectivity},
  author={Arnatkeviciute, Aurina and Fulcher, Ben and Bellgrove, Mark and Fornito, Alex},
  year={2021},
  journal={PsyArXiv}
}

@article{avants2011neuroimage,
  title={A reproducible evaluation of {A}{N}{T}s similarity metric performance in brain image registration},
  author={Avants, Brian B and Tustison, Nicholas J and Song, Gang and Cook, Philip A and Klein, Arno and Gee, James C},
  journal={NeuroImage},
  volume={54},
  number={3},
  pages={2033--2044},
  year={2011},
  publisher={Elsevier}
}

@article{beliveau2017jneuro,
  title={A high-resolution in vivo atlas of the human brain's serotonin system},
  author={Beliveau, Vincent and Ganz, Melanie and Feng, Ling and Ozenne, Brice and H{\o}jgaard, Liselotte and Fisher, Patrick M and Svarer, Claus and Greve, Douglas N and Knudsen, Gitte M},
  journal={Journal of Neuroscience},
  volume={37},
  number={1},
  pages={120--128},
  year={2017},
  publisher={Soc Neuroscience}
}

@article{benkarim2020biorxiv,
  title={Functional idiosyncrasy has a shared topography with group-level connectivity alterations in autism},
  author={Benkarim, Oualid and Paquola, Casey and Park, Bo-yong and Hong, Seok-Jun and Royer, Jessica and de Wael, Reinder Vos and Larivi{\`e}re, Sara and Valk, Sofie and Bzdok, Danilo and Mottron, Laurent and others},
  journal={bioRxiv},
  year={2020},
  publisher={Cold Spring Harbor Laboratory}
}

@article{betzel2018pnas,
  title={Specificity and robustness of long-distance connections in weighted, interareal connectomes},
  author={Betzel, Richard F and Bassett, Danielle S},
  journal={Proceedings of the National Academy of Sciences},
  volume={115},
  number={21},
  pages={E4880--E4889},
  year={2018},
  publisher={National Acad Sciences}
}

@article{bhagwat2021gigascience,
  title={Understanding the impact of preprocessing pipelines on neuroimaging cortical surface analyses},
  author={Bhagwat, Nikhil and Barry, Amadou and Dickie, Erin W and Brown, Shawn T and Devenyi, Gabriel A and Hatano, Koji and DuPre, Elizabeth and Dagher, Alain and Chakravarty, Mallar and Greenwood, Celia MT and others},
  journal={GigaScience},
  volume={10},
  number={1},
  pages={giaa155},
  year={2021},
  publisher={Oxford University Press}
}

@article{botviniknesser2020nature,
	title={Variability in the analysis of a single neuroimaging dataset by many teams},
	author={Botvinik-Nezer, Rotem and Holzmeister, Felix and Camerer, Colin F. and Dreber, Anna and Huber, Juergen and Johannesson, Magnus and Kirchler, Michael and Iwanir, Roni and Mumford, Jeanette A. and Adcock, Alison and Avesani, Paolo and Baczkowski, Blazej and Bajracharya, Aahana and Bakst, Leah and Ball, Sheryl and Barilari, Marco and Bault, Nad{\`e}ge and Beaton, Derek and Beitner, Julia and Benoit, Roland and Berkers, Ruud and Bhanji, Jamil and Biswal, Bharat and Bobadilla-Suarez, Sebastian and Bortolini, Tiago and Bottenhorn, Katherine and Bowring, Alexander and Braem, Senne and Brooks, Hayley and Brudner, Emily and Calderon, Cristian and Camilleri, Julia and Castrellon, Jaime and Cecchetti, Luca and Cieslik, Edna and Cole, Zachary and Collignon, Olivier and Cox, Robert and Cunningham, William and Czoschke, Stefan and Dadi, Kamalaker and Davis, Charles and De Luca, Alberto and Delgado, Mauricio and Demetriou, Lysia and Dennison, Jeffrey and Di, Xin and Dickie, Erin and Dobryakova, Ekaterina and Donnat, Claire and Dukart, Juergen and Duncan, Niall W. and Durnez, Joke and Eed, Amr and Eickhoff, Simon and Erhart, Andrew and Fontanesi, Laura and Fricke, G. Matthew and Galvan, Adriana and Gau, Remi and Genon, Sarah and Glatard, Tristan and Glerean, Enrico and Goeman, Jelle and Golowin, Sergej and Gonz{\'a}lez-Garc{\'\i}a, Carlos and Gorgolewski, Krzysztof and Grady, Cheryl and Green, Mikella and Guassi Moreira, Jo{\~a}o and Guest, Olivia and Hakimi, Shabnam and Hamilton, J. Paul and Hancock, Roeland and Handjaras, Giacomo and Harry, Bronson and Hawco, Colin and Herholz, Peer and Herman, Gabrielle and Heunis, Stephan and Hoffstaedter, Felix and Hogeveen, Jeremy and Holmes, Susan and Hu, Chuan-Peng and Huettel, Scott and Hughes, Matthew and Iacovella, Vittorio and Iordan, Alexandru and Isager, Peder and Isik, Ayse Ilkay and Jahn, Andrew and Johnson, Matthew and Johnstone, Tom and Joseph, Michael and Juliano, Anthony and Kable, Joseph and Kassinopoulos, Michalis and Koba, Cemal and Kong, Xiang-Zhen and Koscik, Timothy and Kucukboyaci, Nuri Erkut and Kuhl, Brice and Kupek, Sebastian and Laird, Angela and Lamm, Claus and Langner, Robert and Lauharatanahirun, Nina and Lee, Hongmi and Lee, Sangil and Leemans, Alexander and Leo, Andrea and Lesage, Elise and Li, Flora and Li, Monica and Lim, Phui Cheng and Lintz, Evan and Liphardt, Schuyler and Losecaat Vermeer, Annabel and Love, Bradley and Mack, Michael and Malpica, Norberto and Marins, Theo and Maumet, Camille and McDonald, Kelsey and McGuire, Joseph and Melero, Helena and M{\'e}ndez Leal, Adriana and Meyer, Benjamin and Meyer, Kristin and Mihai, Paul and Mitsis, Georgios and Moll, Jorge and Nielson, Dylan and Nilsonne, Gustav and Notter, Michael and Olivetti, Emanuele and Onicas, Adrian and Papale, Paolo and Patil, Kaustubh and Peelle, Jonathan E. and P{\'e}rez, Alexandre and Pischedda, Doris and Poline, Jean-Baptiste and Prystauka, Yanina and Ray, Shruti and Reuter-Lorenz, Patricia and Reynolds, Richard and Ricciardi, Emiliano and Rieck, Jenny and Rodriguez-Thompson, Anais and Romyn, Anthony and Salo, Taylor and Samanez-Larkin, Gregory and Sanz-Morales, Emilio and Schlichting, Margaret and Schultz, Douglas and Shen, Qiang and Sheridan, Margaret and Shiguang, Fu and Silvers, Jennifer and Skagerlund, Kenny and Smith, Alec and Smith, David and Sokol-Hessner, Peter and Steinkamp, Simon and Tashjian, Sarah and Thirion, Bertrand and Thorp, John and Tingh{\"o}g, Gustav and Tisdall, Loreen and Tompson, Steven and Toro-Serey, Claudio and Torre, Juan and Tozzi, Leonardo and Truong, Vuong and Turella, Luca and van{\textquoteright}t Veer, Anna E. and Verguts, Tom and Vettel, Jean and Vijayarajah, Sagana and Vo, Khoi and Wall, Matthew and Weeda, Wouter D. and Weis, Susanne and White, David and Wisniewski, David and Xifra-Porxas, Alba and Yearling, Emily and Yoon, Sangsuk and Yuan, Rui and Yuen, Kenneth and Zhang, Lei and Zhang, Xu and Zosky, Joshua and Nichols, Thomas E. and Poldrack, Russell A. and Schonberg, Tom},
	year={2020},
	journal={Nature},
	volume={582},
	pages={84-88}
}

@article{bowring2019hbm,
  title={Exploring the impact of analysis software on task f{M}{R}{I} results},
  author={Bowring, Alexander and Maumet, Camille and Nichols, Thomas E},
  journal={Human Brain Mapping},
  volume={40},
  number={11},
  pages={3362--3384},
  year={2019},
  publisher={Wiley Online Library}
}

@article{brown2021biorxiv,
  title={A dynamic gradient architecture generates brain activity states},
  author={Brown, Jesse A and Lee, Alex J and Pasquini, Lorenzo and Seeley, William W},
  journal={bioRxiv},
  pages={2020--08},
  year={2021},
  publisher={Cold Spring Harbor Laboratory}
}

@article{burt2018natneuro,
  title={Hierarchy of transcriptomic specialization across human cortex captured by structural neuroimaging topography},
  author={Burt, Joshua B and Demirta{\c{s}}, Murat and Eckner, William J and Navejar, Natasha M and Ji, Jie Lisa and Martin, William J and Bernacchia, Alberto and Anticevic, Alan and Murray, John D},
  journal={Nature neuroscience},
  volume={21},
  number={9},
  pages={1251--1259},
  year={2018},
  publisher={Nature Publishing Group}
}

@article{cammoun2012mapping,
  title={Mapping the human connectome at multiple scales with diffusion spectrum {M}{R}{I}},
  author={Cammoun, Leila and Gigandet, Xavier and Meskaldji, Djalel and Thiran, Jean Philippe and Sporns, Olaf and Do, Kim Q and Maeder, Philippe and Meuli, Reto and Hagmann, Patric},
  journal={Journal of Neuroscience Methods},
  volume={203},
  number={2},
  pages={386--397},
  year={2012},
  publisher={Elsevier}
}

@article{carp2012frontneurosci,
  title={On the plurality of (methodological) worlds: estimating the analytic flexibility of f{M}{R}{I} experiments},
  author={Carp, Joshua},
  journal={Frontiers in Neuroscience},
  volume={6},
  pages={149},
  year={2012},
  publisher={Frontiers}
}

@article{cieslak2020biorxiv,
  title={{Q}{S}{I}{P}rep: {A}n integrative platform for preprocessing and reconstructing diffusion {M}{R}{I}},
  author={Cieslak, Matthew and Cook, Philip A and He, Xiaosong and Yeh, Fang-Cheng and Dhollander, Thijs and Adebimpe, Azeez and Aguirre, Geoffrey K and Bassett, Danielle S and Betzel, Richard F and Bourque, Josiane and others},
  journal={bioRxiv},
  year={2020},
  publisher={Cold Spring Harbor Laboratory}
}

@article{ciric2017neuroimage,
  title={Benchmarking of participant-level confound regression strategies for the control of motion artifact in studies of functional connectivity},
  author={Ciric, Rastko and Wolf, Daniel H and Power, Jonathan D and Roalf, David R and Baum, Graham L and Ruparel, Kosha and Shinohara, Russell T and Elliott, Mark A and Eickhoff, Simon B and Davatzikos, Christos and others},
  journal={NeuroImage},
  volume={154},
  pages={174--187},
  year={2017},
  publisher={Elsevier}
}

@inproceedings{collins1999animal,
  title={A{N}{I}{M}{A}{L}+{I}{N}{S}{E}{C}{T}: improved cortical structure segmentation},
  author={Collins, D Louis and Zijdenbos, Alex P and Baar{\'e}, Wim FC and Evans, Alan C},
  booktitle={Biennial International Conference on Information Processing in Medical Imaging},
  pages={210--223},
  year={1999},
  organization={Springer}
}

@article{craddock2012hbm,
  title={A whole brain f{M}{R}{I} atlas generated via spatially constrained spectral clustering},
  author={Craddock, R Cameron and James, G Andrew and Holtzheimer III, Paul E and Hu, Xiaoping P and Mayberg, Helen S},
  journal={Human Brain Mapping},
  volume={33},
  number={8},
  pages={1914--1928},
  year={2012},
  publisher={Wiley Online Library}
}

@article{darmanis2015pnas,
  title={A survey of human brain transcriptome diversity at the single cell level},
  author={Darmanis, Spyros and Sloan, Steven A and Zhang, Ye and Enge, Martin and Caneda, Christine and Shuer, Lawrence M and Gephart, Melanie G Hayden and Barres, Ben A and Quake, Stephen R},
  journal={Proceedings of the National Academy of Sciences},
  volume={112},
  number={23},
  pages={7285--7290},
  year={2015},
  publisher={National Acad Sciences}
}

@article{deco2020biorxiv,
  title={Dynamical consequences of regional heterogeneity in the brains transcriptional landscape},
  author={Deco, Gustavo and Aquino, Kevin M and Arnatkeviciute, Aurina and Oldham, Stuart and Sabaroedin, Kristina and Rogasch, Nigel C and Kringelbach, Morten L and Fornito, Alex},
  journal={bioRxiv},
  year={2020},
  publisher={Cold Spring Harbor Laboratory}
}

@article{demirtas2019neuron,
  title={Hierarchical heterogeneity across human cortex shapes large-scale neural dynamics},
  author={Demirta{\c{s}}, Murat and Burt, Joshua B and Helmer, Markus and Ji, Jie Lisa and Adkinson, Brendan D and Glasser, Matthew F and Van Essen, David C and Sotiropoulos, Stamatios N and Anticevic, Alan and Murray, John D},
  journal={Neuron},
  volume={101},
  number={6},
  pages={1181--1194},
  year={2019},
  publisher={Elsevier}
}

@article{desikan2006automated,
  title={An automated labeling system for subdividing the human cerebral cortex on {M}{R}{I} scans into gyral based regions of interest},
  author={Desikan, Rahul S and S{\'e}gonne, Florent and Fischl, Bruce and Quinn, Brian T and Dickerson, Bradford C and Blacker, Deborah and Buckner, Randy L and Dale, Anders M and Maguire, R Paul and Hyman, Bradley T and others},
  journal={NeuroImage},
  volume={31},
  number={3},
  pages={968--980},
  year={2006},
  publisher={Elsevier}
}

@article{dickie2018biolpsych,
  title={Personalized intrinsic network topography mapping and functional connectivity deficits in autism spectrum disorder},
  author={Dickie, Erin W and Ameis, Stephanie H and Shahab, Saba and Calarco, Navona and Smith, Dawn E and Miranda, Dayton and Viviano, Joseph D and Voineskos, Aristotle N},
  journal={Biological Psychiatry},
  volume={84},
  number={4},
  pages={278--286},
  year={2018},
  publisher={Elsevier}
}

@article{ding2021cercor,
  title={Quantitative Radiomic Features as New Biomarkers for Alzheimer’s Disease: An Amyloid PET Study},
  author={Ding, Yanhui and Zhao, Kun and Che, Tongtong and Du, Kai and Sun, Hongzan and Liu, Shu and Zheng, Yuanjie and Li, Shuyu and Liu, Bing and Liu, Yong and others},
  journal={Cerebral Cortex},
  year={2021}
}

@inproceedings{dragicevic2019chi,
  title={Increasing the transparency of research papers with explorable multiverse analyses},
  author={Dragicevic, Pierre and Jansen, Yvonne and Sarma, Abhraneel and Kay, Matthew and Chevalier, Fanny},
  booktitle={Proceedings of the 2019 CHI Conference on Human Factors in Computing Systems},
  pages={1--15},
  year={2019}
}

@article{esteban2019natmethods,
  title={f{M}{R}{I}{P}rep: a robust preprocessing pipeline for functional {M}{R}{I}},
  author={Esteban, Oscar and Markiewicz, Christopher J and Blair, Ross W and Moodie, Craig A and Isik, A Ilkay and Erramuzpe, Asier and Kent, James D and Goncalves, Mathias and DuPre, Elizabeth and Snyder, Madeleine and others},
  journal={Nature Methods},
  volume={16},
  number={1},
  pages={111--116},
  year={2019},
  publisher={Nature Publishing Group}
}

@article{french2015frontneurosci,
  title={A {F}reeSurfer view of the cortical transcriptome generated from the {A}llen {H}uman {B}rain {A}tlas},
  author={French, Leon and Paus, Tom{\'a}{\v{s}}},
  journal={Frontiers in Neuroscience},
  volume={9},
  pages={323},
  year={2015},
  publisher={Frontiers}
}

@article{fonov2009neuroimage,
  title={Unbiased nonlinear average age-appropriate brain templates from birth to adulthood},
  author={Fonov, Vladimir S and Evans, Alan C and McKinstry, Robert C and Almli, CR and Collins, DL},
  journal={NeuroImage},
  volume={47},
  pages={S102},
  year={2009}
}

@article{fonov2011neuroimage,
  title={Unbiased average age-appropriate atlases for pediatric studies},
  author={Fonov, Vladimir and Evans, Alan C and Botteron, Kelly and Almli, C Robert and McKinstry, Robert C and Collins, D Louis and Brain Development Cooperative Group and others},
  journal={NeuroImage},
  volume={54},
  number={1},
  pages={313--327},
  year={2011},
  publisher={Elsevier}
}

@article{fornito2019tics,
  title={Bridging the gap between connectome and transcriptome},
  author={Fornito, Alex and Arnatkevi{\u{c}}i{\=u}t{\.e}, Aurina and Fulcher, Ben D},
  journal={Trends in Cognitive Sciences},
  volume={23},
  number={1},
  pages={34--50},
  year={2019},
  publisher={Elsevier}
}

@article{fox2014biorxiv,
  title={Bridging psychology and genetics using large-scale spatial analysis of neuroimaging and neurogenetic data},
  author={Fox, Andrew S and Chang, Luke J and Gorgolewski, Krzysztof J and Yarkoni, Tal},
  journal={bioRxiv},
  pages={012310},
  year={2014},
  publisher={Cold Spring Harbor Laboratory}
}

@article{fulcher2013jrsi,
  title={Highly comparative time-series analysis: the empirical structure of time series and their methods},
  author={Fulcher, Ben D and Little, Max A and Jones, Nick S},
  journal={Journal of the Royal Society Interface},
  volume={10},
  number={83},
  pages={20130048},
  year={2013},
  publisher={The Royal Society}
}

@article{fulcher2019pnas,
  title={Multimodal gradients across mouse cortex},
  author={Fulcher, Ben D and Murray, John D and Zerbi, Valerio and Wang, Xiao-Jing},
  journal={Proceedings of the National Academy of Sciences},
  volume={116},
  number={10},
  pages={4689--4695},
  year={2019},
  publisher={National Acad Sciences}
}

@article{fulcher2019jexpneuro,
  title={Discovering conserved properties of brain organization through multimodal integration and interspecies comparison},
  author={Fulcher, Ben D},
  journal={Journal of Experimental Neuroscience},
  volume={13},
  pages={1179069519862047},
  year={2019},
  publisher={SAGE Publications Sage UK: London, England}
}

@article{gandal2018science,
  title={Transcriptome-wide isoform-level dysregulation in ASD, schizophrenia, and bipolar disorder},
  author={Gandal, Michael J and Zhang, Pan and Hadjimichael, Evi and Walker, Rebecca L and Chen, Chao and Liu, Shuang and Won, Hyejung and Van Bakel, Harm and Varghese, Merina and Wang, Yongjun and others},
  journal={Science},
  volume={362},
  number={6420},
  year={2018},
  publisher={American Association for the Advancement of Science}
}

@article{gao2020elife,
  title={Neuronal timescales are functionally dynamic and shaped by cortical microarchitecture},
  author={Gao, Richard and van den Brink, Ruud L and Pfeffer, Thomas and Voytek, Bradley},
  journal={Elife},
  volume={9},
  pages={e61277},
  year={2020},
  publisher={eLife Sciences Publications Limited}
}

@article{glatard2015frontneuroinf,
  title={Reproducibility of neuroimaging analyses across operating systems},
  author={Glatard, Tristan and Lewis, Lindsay B and Ferreira da Silva, Rafael and Adalat, Reza and Beck, Natacha and Lepage, Claude and Rioux, Pierre and Rousseau, Marc-Etienne and Sherif, Tarek and Deelman, Ewa and others},
  journal={Frontiers in Neuroinformatics},
  volume={9},
  pages={12},
  year={2015},
  publisher={Frontiers}
}

@article{gordon2017neuron,
  title={Precision functional mapping of individual human brains},
  author={Gordon, Evan M and Laumann, Timothy O and Gilmore, Adrian W and Newbold, Dillan J and Greene, Deanna J and Berg, Jeffrey J and Ortega, Mario and Hoyt-Drazen, Catherine and Gratton, Caterina and Sun, Haoxin and others},
  journal={Neuron},
  volume={95},
  number={4},
  pages={791--807},
  year={2017},
  publisher={Elsevier}
}

@article{gorgolewski2014f1000,
  title={Tight fitting genes: finding relations between statistical maps and gene expression patterns},
  author={Gorgolewski, Krzysztof J and Fox, Andrew S and Chang, Luke and Sch{\"a}fer, Alexander and Ar{\'e}lin, Katrin and Burmann, Inga and Sacher, Julia and Margulies, Daniel S},
  journal={F1000Research},
  volume={5},
  year={2014}
}

@article{gorgolewski2015frontneuroinf,
  title={Neuro{V}ault.org: a web-based repository for collecting and sharing unthresholded statistical maps of the human brain},
  author={Gorgolewski, Krzysztof J and Varoquaux, Gael and Rivera, Gabriel and Schwarz, Yannick and Ghosh, Satrajit S and Maumet, Camille and Sochat, Vanessa V and Nichols, Thomas E and Poldrack, Russell A and Poline, Jean-Baptiste and others},
  journal={Frontiers in Neuroinformatics},
  volume={9},
  pages={8},
  year={2015},
  publisher={Frontiers}
}

@article{gorgolewski2016scidata,
  title={The brain imaging data structure, a format for organizing and describing outputs of neuroimaging experiments},
  author={Gorgolewski, Krzysztof J and Auer, Tibor and Calhoun, Vince D and Craddock, R Cameron and Das, Samir and Duff, Eugene P and Flandin, Guillaume and Ghosh, Satrajit S and Glatard, Tristan and Halchenko, Yaroslav O and others},
  journal={Scientific Data},
  volume={3},
  number={1},
  pages={1--9},
  year={2016},
  publisher={Nature Publishing Group}
}

@article{gorgolewski2017ploscompbio,
  title={{B}{I}{D}{S} apps: {I}mproving ease of use, accessibility, and reproducibility of neuroimaging data analysis methods},
  author={Gorgolewski, Krzysztof J and Alfaro-Almagro, Fidel and Auer, Tibor and Bellec, Pierre and Capot{\u{a}}, Mihai and Chakravarty, M Mallar and Churchill, Nathan W and Cohen, Alexander Li and Craddock, R Cameron and Devenyi, Gabriel A and others},
  journal={PLoS Computational Biology},
  volume={13},
  number={3},
  pages={e1005209},
  year={2017},
  publisher={Public Library of Science}
}

@article{goulas2019sciadv,
  title={Spatiotemporal ontogeny of brain wiring},
  author={Goulas, Alexandros and Betzel, Richard F and Hilgetag, Claus C},
  journal={Science Advances},
  volume={5},
  number={6},
  pages={eaav9694},
  year={2019},
  publisher={American Association for the Advancement of Science}
}

@article{hansen2021nathumbeh,
  title={Mapping gene transcription and neurocognition across human neocortex},
  author={Hansen, Justine Y and Markello, Ross D and Vogel, Jacob W and Seidlitz, Jakob and Bzdok, Danilo and Misic, Bratislav},
  journal={Nature Human Behaviour},
  pages={1--11},
  year={2021},
  publisher={Nature Publishing Group}
}

@article{hawrylycz2012nature,
  title={An anatomically comprehensive atlas of the adult human brain transcriptome},
  author={Hawrylycz, Michael J and Lein, Ed S and Guillozet-Bongaarts, Angela L and Shen, Elaine H and Ng, Lydia and Miller, Jeremy A and Van De Lagemaat, Louie N and Smith, Kimberly A and Ebbert, Amanda and Riley, Zackery L and others},
  journal={Nature},
  volume={489},
  number={7416},
  pages={391},
  year={2012},
  publisher={Nature Publishing Group}
}

@article{hawrylycz2015natneuro,
  title={Canonical genetic signatures of the adult human brain},
  author={Hawrylycz, Michael and Miller, Jeremy A and Menon, Vilas and Feng, David and Dolbeare, Tim and Guillozet-Bongaarts, Angela L and Jegga, Anil G and Aronow, Bruce J and Lee, Chang-Kyu and Bernard, Amy and others},
  journal={Nature Neuroscience},
  volume={18},
  number={12},
  pages={1832},
  year={2015},
  publisher={Nature Publishing Group}
}

@article{henderson2019natneuro,
  title={Spread of $\alpha$-synuclein pathology through the brain connectome is modulated by selective vulnerability and predicted by network analysis},
  author={Henderson, Michael X and Cornblath, Eli J and Darwich, Adam and Zhang, Bin and Brown, Hannah and Gathagan, Ronald J and Sandler, Raizel M and Bassett, Danielle S and Trojanowski, John Q and Lee, Virginia MY},
  journal={Nature Neuroscience},
  volume={22},
  number={8},
  pages={1248--1257},
  year={2019},
  publisher={Nature Publishing Group}
}

@article{horvat2016plosbio,
  title={Spatial embedding and wiring cost constrain the functional layout of the cortical network of rodents and primates},
  author={Horv{\'a}t, Szabolcs and G{\u{a}}m{\u{a}}nuț, R{\u{a}}zvan and Ercsey-Ravasz, M{\'a}ria and Magrou, Lo{\"\i}c and G{\u{a}}m{\u{a}}nuț, Bianca and Van Essen, David C and Burkhalter, Andreas and Knoblauch, Kenneth and Toroczkai, Zolt{\'a}n and Kennedy, Henry},
  journal={PLoS Biology},
  volume={14},
  number={7},
  pages={e1002512},
  year={2016},
  publisher={Public Library of Science San Francisco, CA USA}
}

@article{ipython,
  title={I{P}ython: {A} system for interactive scientific computing},
  author={P{\'e}rez, Fernando and Granger, Brian E},
  journal={Computing in Science \& Engineering},
  volume={9},
  number={3},
  pages={21--29},
  year={2007},
  publisher={IEEE}
}

@inproceedings{jupyter,
  title={Jupyter {N}otebooks--{A} publishing format for reproducible computational workflows},
  author={Kluyver, Thomas and Ragan-Kelley, Benjamin and P{\'e}rez, Fernando and Granger, Brian E and Bussonnier, Matthias and Frederic, Jonathan and Kelley, Kyle and Hamrick, Jessica B and Grout, Jason and Corlay, Sylvain and others},
  booktitle={Positioning and Power in Academic Publishing: Players, Agents and Agendas},
  editor={Loizides, Fernando and Scmidt, Birgit},
  publisher={IOS Press},
  pages={87--90},
  year={2016}
}

@article{kang2011nature,
  title={Spatio-temporal transcriptome of the human brain},
  author={Kang, Hyo Jung and Kawasawa, Yuka Imamura and Cheng, Feng and Zhu, Ying and Xu, Xuming and Li, Mingfeng and Sousa, Andr{\'e} MM and Pletikos, Mihovil and Meyer, Kyle A and Sedmak, Goran and others},
  journal={Nature},
  volume={478},
  number={7370},
  pages={483--489},
  year={2011},
  publisher={Nature Publishing Group}
}

@article{kharabian2020cercor,
  title={Influence of processing pipeline on cortical thickness measurement},
  author={Kharabian Masouleh, Shahrzad and Eickhoff, Simon B and Zeighami, Yashar and Lewis, Lindsay B and Dahnke, Robert and Gaser, Christian and Chouinard-Decorte, Francois and Lepage, Claude and Scholtens, Lianne H and Hoffstaedter, Felix and others},
  journal={Cerebral Cortex},
  volume={30},
  number={9},
  pages={5014--5027},
  year={2020},
  publisher={Oxford University Press}
}

@article{kirsch2016ploscompbio,
  title={On expression patterns and developmental origin of human brain regions},
  author={Kirsch, Lior and Chechik, Gal},
  journal={PLoS computational biology},
  volume={12},
  number={8},
  pages={e1005064},
  year={2016},
  publisher={Public Library of Science San Francisco, CA USA}
}

@article{klein2009neuroimage,
  title={Evaluation of 14 nonlinear deformation algorithms applied to human brain {M}{R}{I} registration},
  author={Klein, Arno and Andersson, Jesper and Ardekani, Babak A and Ashburner, John and Avants, Brian and Chiang, Ming-Chang and Christensen, Gary E and Collins, D Louis and Gee, James and Hellier, Pierre and others},
  journal={NeuroImage},
  volume={46},
  number={3},
  pages={786--802},
  year={2009},
  publisher={Elsevier}
}

@article{kong2019cercor,
  title={Spatial topography of individual-specific cortical networks predicts human cognition, personality, and emotion},
  author={Kong, Ru and Li, Jingwei and Orban, Csaba and Sabuncu, Mert R and Liu, Hesheng and Schaefer, Alexander and Sun, Nanbo and Zuo, Xi-Nian and Holmes, Avram J and Eickhoff, Simon B and others},
  journal={Cerebral Cortex},
  volume={29},
  number={6},
  pages={2533--2551},
  year={2019},
  publisher={Oxford University Press}
}

@article{krienen2016pnas,
  title={Transcriptional profiles of supragranular-enriched genes associate with corticocortical network architecture in the human brain},
  author={Krienen, Fenna M and Yeo, BT Thomas and Ge, Tian and Buckner, Randy L and Sherwood, Chet C},
  journal={Proceedings of the National Academy of Sciences},
  volume={113},
  number={4},
  pages={E469--E478},
  year={2016},
  publisher={National Acad Sciences}
}

@article{kurtzer2017plosone,
  title={Singularity: {S}cientific containers for mobility of compute},
  author={Kurtzer, Gregory M and Sochat, Vanessa and Bauer, Michael W},
  journal={PloS One},
  volume={12},
  number={5},
  pages={e0177459},
  year={2017},
  publisher={Public Library of Science San Francisco, CA USA}
}

@article{lake2016science,
  title={Neuronal subtypes and diversity revealed by single-nucleus RNA sequencing of the human brain},
  author={Lake, Blue B and Ai, Rizi and Kaeser, Gwendolyn E and Salathia, Neeraj S and Yung, Yun C and Liu, Rui and Wildberg, Andre and Gao, Derek and Fung, Ho-Lim and Chen, Song and others},
  journal={Science},
  volume={352},
  number={6293},
  pages={1586--1590},
  year={2016},
  publisher={American Association for the Advancement of Science}
}

@article{lariviere2020biorxiv,
  title={The {E}{N}{I}{G}{M}{A} Toolbox: {C}ross-disorder integration and multiscale neural contextualization of multisite neuroimaging datasets},
  author={Lariviere, Sara and Paquola, Casey and Park, Bo-yong and Royer, Jessica and Wang, Yezhou and Benkarim, Oualid and de Wael, Reinder Vos and Valk, Sofie Louise and Thomopoulos, Sophia I and Kirschner, Matthias and others},
  journal={bioRxiv},
  year={2020},
  publisher={Cold Spring Harbor Laboratory}
}

@article{lau2021neuroimage,
  title={Scaling of gene transcriptional gradients with brain size across mouse development},
  author={Lau, Hoi Yan Gladys and Fornito, Alex and Fulcher, Ben D},
  journal={NeuroImage},
  volume={224},
  pages={117395},
  year={2021},
  publisher={Elsevier}
}

@article{lein2007genome,
  title={Genome-wide atlas of gene expression in the adult mouse brain},
  author={Lein, Ed S and Hawrylycz, Michael J and Ao, Nancy and Ayres, Mikael and Bensinger, Amy and Bernard, Amy and Boe, Andrew F and Boguski, Mark S and Brockway, Kevin S and Byrnes, Emi J and others},
  journal={Nature},
  volume={445},
  number={7124},
  pages={168--176},
  year={2007},
  publisher={Nature Publishing Group}
}

@article{li2018science,
  title={Integrative functional genomic analysis of human brain development and neuropsychiatric risks},
  author={Li, Mingfeng and Santpere, Gabriel and Kawasawa, Yuka Imamura and Evgrafov, Oleg V and Gulden, Forrest O and Pochareddy, Sirisha and Sunkin, Susan M and Li, Zhen and Shin, Yurae and Zhu, Ying and others},
  journal={Science},
  volume={362},
  number={6420},
  year={2018},
  publisher={American Association for the Advancement of Science}
}

@article{liu2020neuroimage,
  title={The spatial organization of the chronnectome associates with cortical hierarchy and transcriptional profiles in the human brain},
  author={Liu, Jin and Xia, Mingrui and Wang, Xindi and Liao, Xuhong and He, Yong},
  journal={Neuroimage},
  volume={222},
  pages={117296},
  year={2020},
  publisher={Elsevier}
}

@article{maier2017natcomm,
  title={The challenge of mapping the human connectome based on diffusion tractography},
  author={Maier-Hein, Klaus H and Neher, Peter F and Houde, Jean-Christophe and C{\^o}t{\'e}, Marc-Alexandre and Garyfallidis, Eleftherios and Zhong, Jidan and Chamberland, Maxime and Yeh, Fang-Cheng and Lin, Ying-Chia and Ji, Qing and others},
  journal={Nature communications},
  volume={8},
  number={1},
  pages={1--13},
  year={2017},
  publisher={Nature Publishing Group}
}

@article{markello2021neuroimage,
  title={Comparing spatial null models for brain maps},
  author={Markello, Ross D and Misic, Bratislav},
  journal={NeuroImage},
  pages={118052},
  year={2021},
  publisher={Elsevier}
}

@article{martins2021biorxiv,
  title={Transcriptional and cellular signatures of cortical morphometric similarity remodelling in chronic pain},
  author={Martins, Daniel and Dipasquale, Ottavia and Veronese, Mattia and Turkheimer, Federico E and Loggia, Marco and McMahon, Stephen and Williams, Steven CR},
  journal={bioRxiv},
  year={2021},
  publisher={Cold Spring Harbor Laboratory}
}

@article{matplotlib,
  title={Matplotlib: {A} 2{D} graphics environment},
  author={Hunter, J. D.},
  journal={Computing in Science \& Engineering},
  volume={9},
  number={3},
  pages={90--95},
  year={2007},
  publisher={IEEE Computer Society}
}

@article{mccolgan2018biolpsych,
  title={Brain regions showing white matter loss in Huntington’s disease are enriched for synaptic and metabolic genes},
  author={McColgan, Peter and Gregory, Sarah and Seunarine, Kiran K and Razi, Adeel and Papoutsi, Marina and Johnson, Eileanoir and Durr, Alexandra and Roos, Raymund AC and Leavitt, Blair R and Holmans, Peter and others},
  journal={Biological Psychiatry},
  volume={83},
  number={5},
  pages={456--465},
  year={2018},
  publisher={Elsevier}
}

@article{messe2020hbm,
  title={Parcellation influence on the connectivity-based structure--function relationship in the human brain},
  author={Mess{\'e}, Arnaud},
  journal={Human Brain Mapping},
  volume={41},
  number={5},
  pages={1167--1180},
  year={2020},
  publisher={Wiley Online Library}
}

@article{miller2014nature,
  title={Transcriptional landscape of the prenatal human brain},
  author={Miller, Jeremy A and Ding, Song-Lin and Sunkin, Susan M and Smith, Kimberly A and Ng, Lydia and Szafer, Aaron and Ebbert, Amanda and Riley, Zackery L and Royall, Joshua J and Aiona, Kaylynn and others},
  journal={Nature},
  volume={508},
  number={7495},
  pages={199--206},
  year={2014},
  publisher={Nature Publishing Group}
}

@article{misic2014plosone,
  title={The functional connectivity landscape of the human brain},
  author={Mi{\v{s}}i{\'c}, Bratislav and Fatima, Zainab and Askren, Mary K and Buschkuehl, Martin and Churchill, Nathan and Cimprich, Bernadine and Deldin, Patricia J and Jaeggi, Susanne and Jung, Misook and Korostil, Michele and others},
  journal={PLoS One},
  volume={9},
  number={10},
  pages={e111007},
  year={2014},
  publisher={Public Library of Science}
}

@article{morgan2019pnas,
  title={Cortical patterning of abnormal morphometric similarity in psychosis is associated with brain expression of schizophrenia-related genes},
  author={Morgan, Sarah E and Seidlitz, Jakob and Whitaker, Kirstie J and Romero-Garcia, Rafael and Clifton, Nicholas E and Scarpazza, Cristina and van Amelsvoort, Therese and Marcelis, Machteld and van Os, Jim and Donohoe, Gary and others},
  journal={Proceedings of the National Academy of Sciences},
  volume={116},
  number={19},
  pages={9604--9609},
  year={2019},
  publisher={National Acad Sciences}
}

@article{negi2017scireports,
  title={Global gene expression profiling of healthy human brain and its application in studying neurological disorders},
  author={Negi, Simarjeet K and Guda, Chittibabu},
  journal={Scientific Reports},
  volume={7},
  number={1},
  pages={1--12},
  year={2017},
  publisher={Nature Publishing Group}
}


@article{nibabel, 
title={nipy/nibabel}, 
  author={Brett, Matthew and Markiewicz, Christopher J. and Hanke, Michael and Côté, Marc-Alexandre and Cipollini, Ben and McCarthy, Paul and Cheng, Christopher P. and Halchenko, Yaroslav O. and Cottaar, Michiel and Ghosh, Satrajit and et al.},
  year={2019},
  journal={Zenodo},
  volume={doi:10.5281/zenodo.591597},
  publisher={Zenodo}
}

@article{norgaard2021neuroimage,
  title={A high-resolution in vivo atlas of the human brain's benzodiazepine binding site of {G}{A}{B}{A}$_{A}$ receptors},
  author={N\o{}rgaard, Martin and Beliveau, Vincent and Ganz, Melanie and Svarer, Claus and Pinborg, Lars H and Keller, Sune H and Jensen, Peter S and Greve, Douglas N and Knudsen, Gitte M},
  journal={NeuroImage},
  volume={232},
  pages={117878},
  year={2021},
  publisher={Elsevier}
}

@book{numpyv1,
  title={A guide to {N}um{P}y},
  author={Oliphant, Travis E},
  volume={1},
  year={2006},
  publisher={Trelgol Publishing USA}
}

@article{numpyv2,
  title={The {N}um{P}y array: a structure for efficient numerical computation},
  author={Van Der Walt, Stefan and Colbert, S Chris and Varoquaux, Gael},
  journal={Computing in Science \& Engineering},
  volume={13},
  number={2},
  pages={22},
  year={2011},
  publisher={IEEE Computer Society}
}

@article{numpyv3,
  title={Array programming with {N}um{P}y},
  author={Harris, Charles R and Millman, K Jarrod and van der Walt, St{\'e}fan J and Gommers, Ralf and Virtanen, Pauli and Cournapeau, David and Wieser, Eric and Taylor, Julian and Berg, Sebastian and Smith, Nathaniel J and others},
  journal={Nature},
  volume={585},
  number={7825},
  pages={357--362},
  year={2020},
  publisher={Nature Publishing Group}
}

@article{oldham2008natneuro,
  title={Functional organization of the transcriptome in human brain},
  author={Oldham, Michael C and Konopka, Genevieve and Iwamoto, Kazuya and Langfelder, Peter and Kato, Tadafumi and Horvath, Steve and Geschwind, Daniel H},
  journal={Nature Neuroscience},
  volume={11},
  number={11},
  pages={1271},
  year={2008},
  publisher={Nature Publishing Group}
}

@article{oldham2020neuroimage,
  title={The efficacy of different preprocessing steps in reducing motion-related confounds in diffusion {M}{R}{I} connectomics},
  author={Oldham, Stuart and Arnatkevi\u{c}i{\=u}t{\.e}, Aurina and Smith, Robert E and Tiego, Jeggan and Bellgrove, Mark A and Fornito, Alex},
  journal={NeuroImage},
  volume={222},
  pages={117252},
  year={2020},
  publisher={Elsevier}
}

@inproceedings{pandas,
  title={Data structures for statistical computing in {P}ython},
  author={McKinney, Wes and others},
  booktitle={Proceedings of the 9th Python in Science Conference},
  volume={445},
  pages={51--56},
  year={2010},
  organization={Austin, TX}
}

@article{park2020biorxiv,
  title={Body mass variations relate to fractionated functional brain hierarchies},
  author={Park, Bo-yong and Park, Hyunjin and Morys, Filip and Kim, Mansu and Byeon, Kyoungseob and Lee, Hyebin and Kim, Se-Hong and Valk, Sofie and Dagher, Alain and Bernhardt, Boris},
  journal={BioRxiv},
  year={2020},
  publisher={Cold Spring Harbor Laboratory}
}

@article{park2021elife,
  title={An expanding manifold in transmodal regions characterizes adolescent reconfiguration of structural connectome organization},
  author={Park, Bo-yong and Bethlehem, Richard AI and Paquola, Casey and Larivi{\`e}re, Sara and Rodr{\'\i}guez-Cruces, Raul and de Wael, Reinder Vos and the NSPN consortium and Bullmore, Edward T and Bernhardt, Boris C},
  journal={Elife},
  volume={10},
  pages={e64694},
  year={2021},
  publisher={eLife Sciences Publications Limited}
}

@article{parkes2017gbb,
  title={Transcriptional signatures of connectomic subregions of the human striatum},
  author={Parkes, Linden and Fulcher, BD and Y{\"u}cel, Murat and Fornito, Alex},
  journal={Genes, Brain and Behavior},
  volume={16},
  number={7},
  pages={647--663},
  year={2017},
  publisher={Wiley Online Library}
}

@article{parkes2018neuroimage,
  title={An evaluation of the efficacy, reliability, and sensitivity of motion correction strategies for resting-state functional {M}{R}{I}},
  author={Parkes, Linden and Fulcher, Ben and Y{\"u}cel, Murat and Fornito, Alex},
  journal={NeuroImage},
  volume={171},
  pages={415--436},
  year={2018},
  publisher={Elsevier}
}

@article{preller2018elife,
  title={Changes in global and thalamic brain connectivity in {L}{S}{D}-induced altered states of consciousness are attributable to the 5-{H}{T}2{A} receptor},
  author={Preller, Katrin H and Burt, Joshua B and Ji, Jie Lisa and Schleifer, Charles H and Adkinson, Brendan D and St{\"a}mpfli, Philipp and Seifritz, Erich and Repovs, Grega and Krystal, John H and Murray, John D and others},
  journal={Elife},
  volume={7},
  pages={e35082},
  year={2018},
  publisher={eLife Sciences Publications Limited}
}

@article{pysurfer, 
  title={nipy/PySurfer}, 
  author={Michael Waskom and Eric Larson and Christian Brodbeck and Alexandre Gramfort and Scott Burns and Martin Luessi and Christoph T. Weidemann and Sebastian Bitzer and Chris Markiewicz and Roan LaPlante and Yaroslav Halchenko and Denis A. Engemann and Marijn van Vliet and Satrajit Ghosh and Natalie Klein and Gio Piantoni and Matthew Brett and Laura Gwilliams and Jean-R{\`e}mi King and Dingkun Liu}, 
  year={2020},
  journal={Zenodo},
  volume={doi:10.5281/zenodo.592515},
  publisher={Zenodo}
}

@article{richiardi2015science,
  title={Correlated gene expression supports synchronous activity in brain networks},
  author={Richiardi, Jonas and Altmann, Andre and Milazzo, Anna-Clare and Chang, Catie and Chakravarty, M Mallar and Banaschewski, Tobias and Barker, Gareth J and Bokde, Arun LW and Bromberg, Uli and B{\"u}chel, Christian and others},
  journal={Science},
  volume={348},
  number={6240},
  pages={1241--1244},
  year={2015},
  publisher={American Association for the Advancement of Science}
}

@article{richiardi2017biorxiv,
  title={Distance is not everything in imaging genomics of functional networks: reply to a commentary on \emph{{C}orrelated gene expression supports synchronous activity in brain networks}},
  author={Richiardi, Jonas and Altmann, Andre and Greicius, Michael},
  journal={bioRxiv},
  pages={132746},
  year={2017},
  publisher={Cold Spring Harbor Laboratory}
}

@article{rittman2016nbaging,
  title={Regional expression of the {M}{A}{P}{T} gene is associated with loss of hubs in brain networks and cognitive impairment in Parkinson disease and progressive supranuclear palsy},
  author={Rittman, Timothy and Rubinov, Mikail and V{\'e}rtes, Petra E and Patel, Ameera X and Ginestet, Cedric E and Ghosh, Boyd CP and Barker, Roger A and Spillantini, Maria Grazia and Bullmore, Edward T and Rowe, James B},
  journal={Neurobiology of Aging},
  volume={48},
  pages={153--160},
  year={2016},
  publisher={Elsevier}
}

@article{rittman2017maybrain,
  title={Maybrain software package},
  author={Rittman, T and Rittman, M and Azevedo, T},
  journal={\url{https://github.com/RittmanResearch/maybrain}},
  year={2017}
}

@article{rizzo2016plosone,
  title={{M}{E}{N}{G}{A}: a new comprehensive tool for the integration of neuroimaging data and the {A}llen {H}uman {B}rain transcriptome atlas},
  author={Rizzo, Gaia and Veronese, Mattia and Expert, Paul and Turkheimer, Federico E and Bertoldo, Alessandra},
  journal={PloS one},
  volume={11},
  number={2},
  pages={e0148744},
  year={2016},
  publisher={Public Library of Science San Francisco, CA USA}
}

@article{roberts2016neuroimage,
  title={The contribution of geometry to the human connectome},
  author={Roberts, James A and Perry, Alistair and Lord, Anton R and Roberts, Gloria and Mitchell, Philip B and Smith, Robert E and Calamante, Fernando and Breakspear, Michael},
  journal={Neuroimage},
  volume={124},
  pages={379--393},
  year={2016},
  publisher={Elsevier}
}

@article{romerogarcia2018neuroimage,
  title={Structural covariance networks are coupled to expression of genes enriched in supragranular layers of the human cortex},
  author={Romero-Garcia, Rafael and Whitaker, Kirstie J and V{\'a}{\v{s}}a, Franti{\v{s}}ek and Seidlitz, Jakob and Shinn, Maxwell and Fonagy, Peter and Dolan, Raymond J and Jones, Peter B and Goodyer, Ian M and Bullmore, Edward T and others},
  journal={NeuroImage},
  volume={171},
  pages={256--267},
  year={2018},
  publisher={Elsevier}
}

@article{romme2017biolpsych,
  title={Connectome disconnectivity and cortical gene expression in patients with schizophrenia},
  author={Romme, Ingrid AC and de Reus, Marcel A and Ophoff, Roel A and Kahn, Ren{\'e} S and van den Heuvel, Martijn P},
  journal={Biological Psychiatry},
  volume={81},
  number={6},
  pages={495--502},
  year={2017},
  publisher={Elsevier}
}

@article{rousseeuw1987silhouette,
  title={Silhouettes: a graphical aid to the interpretation and validation of cluster analysis},
  author={Rousseeuw, Peter J},
  journal={Journal of Computational and Applied Mathematics},
  volume={20},
  pages={53--65},
  year={1987},
  publisher={North-Holland}
}

@article{schaefer2018cercor,
  title={Local-global parcellation of the human cerebral cortex from intrinsic functional connectivity {M}{R}{I}},
  author={Schaefer, Alexander and Kong, Ru and Gordon, Evan M and Laumann, Timothy O and Zuo, Xi-Nian and Holmes, Avram J and Eickhoff, Simon B and Yeo, BT Thomas},
  journal={Cerebral Cortex},
  volume={28},
  number={9},
  pages={3095--3114},
  year={2018},
  publisher={Oxford University Press}
}

@article{schilling2019neuroimage,
  title={Limits to anatomical accuracy of diffusion tractography using modern approaches},
  author={Schilling, Kurt G and Nath, Vishwesh and Hansen, Colin and Parvathaneni, Prasanna and Blaber, Justin and Gao, Yurui and Neher, Peter and Aydogan, Dogu Baran and Shi, Yonggang and Ocampo-Pineda, Mario and others},
  journal={NeuroImage},
  volume={185},
  pages={1--11},
  year={2019},
  publisher={Elsevier}
}

@article{scipy,
  title={Sci{P}y 1.0: fundamental algorithms for scientific computing in {P}ython},
  author={Virtanen, Pauli and Gommers, Ralf and Oliphant, Travis E and Haberland, Matt and Reddy, Tyler and Cournapeau, David and Burovski, Evgeni and Peterson, Pearu and Weckesser, Warren and Bright, Jonathan and others},
  journal={Nature Methods},
  pages={1--12},
  year={2020},
  publisher={Nature Publishing Group}
}

@article{seaborn,
  title={mwaskom/seaborn},
  author={Michael Waskom and Olga Botvinnik and Drew O\'Kane and Paul Hobson and Joel Ostblom and Saulius Lukauskas and David C Gemperline and Tom Augspurger and Yaroslav Halchenko and John B. Cole and et al.},
  year={2018},
  journal={Zenodo},
  volume={doi:10.5281/zenodo.592845},
  publisher={Zenodo}
}

@article{seidlitz2018neuron,
  title={Morphometric similarity networks detect microscale cortical organization and predict inter-individual cognitive variation},
  author={Jakob Seidlitz and Franti\v{s}ek V\'{a}\v{s}a and Maxwell Shinn and Rafael Romero-Garcia and Kirstie J. Whitaker and Petra E. V\'{e}rtes and Konrad Wagstyl and Paul Kirkpatrick Reardon and Liv Clasen and Siyuan Liu and Adam Messinger and David A. Leopold and Peter Fonagy and Raymond J. Dolan and Peter B. Jones and Ian M. Goodyer and the NSPN Consortium and Armin Raznahan and Edward T.Bullmore},
  journal={Neuron},
  volume={97},
  number={1},
  pages={231--247},
  year={2018},
  publisher={Elsevier}
}

@article{seidlitz2020natcomm,
  title={Transcriptomic and cellular decoding of regional brain vulnerability to neurogenetic disorders},
  author={Jakob Seidlitz and Ajay Nadig and Siyuan Liu and Richard A. I. Bethlehem and Petra E. V\'{e}rtes and Sarah E. Morgan and Franti\v{s}ek V\'{a}\v{s}a and Rafael Romero-Garcia and Fran\c{c}ois M. Lalonde and Liv S. Clasen and Jonathan D. Blumenthal and Casey Paquola and Boris Bernhardt and Konrad Wagstyl and Damon Polioudakis and Luis de la Torre-Ubieta and Daniel H. Geschwind and Joan C. Han and Nancy R. Lee and Declan G. Murphy and Edward T. Bullmore and Armin Raznahan},
  journal={Nature Communications},
  volume={11},
  number={1},
  pages={1--14},
  year={2020},
  publisher={Nature Publishing Group}
}

@article{sepulcre2018natmed,
  title={Neurogenetic contributions to amyloid beta and tau spreading in the human cortex},
  author={Sepulcre, Jorge and Grothe, Michel J and Uquillas, Federico d’Oleire and Ortiz-Ter{\'a}n, Laura and Diez, Ibai and Yang, Hyun-Sik and Jacobs, Heidi IL and Hanseeuw, Bernard J and Li, Quanzheng and El-Fakhri, Georges and others},
  journal={Nature Medicine},
  volume={24},
  number={12},
  pages={1910--1918},
  year={2018},
  publisher={Nature Publishing Group}
}

@article{shafiei2020elife,
  title={Topographic gradients of intrinsic dynamics across neocortex},
  author={Shafiei, Golia and Markello, Ross D and De Wael, Reinder Vos and Bernhardt, Boris C and Fulcher, Ben D and Misic, Bratislav},
  journal={Elife},
  volume={9},
  pages={e62116},
  year={2020},
  publisher={eLife Sciences Publications Limited}
}

@article{shafieibazinet2021biorxiv,
  title={Atrophy patterns in sporadic and genetic behavioral variant frontotemporal dementia are based on brain network architecture},
  author={Golia Shafiei and Vincent Bazinet and Mahsa Dadar and Ana L. Manera and D. Louis Collins and Alain Dagher and GENFI authors and Bratislav Misic and Simon Ducharme},
  journal={bioRxiv},
  year={2021},
}

@article{shin2018cercor,
  title={Cell-specific gene-expression profiles and cortical thickness in the human brain},
  author={Shin, Jean and French, Leon and Xu, Ting and Leonard, Gabriel and Perron, Michel and Pike, G Bruce and Richer, Louis and Veillette, Suzanne and Pausova, Zdenka and Paus, Tom{\'a}{\v{s}}},
  journal={Cerebral Cortex},
  volume={28},
  number={9},
  pages={3267--3277},
  year={2018},
  publisher={Oxford University Press}
}

@article{shine2019natneuro,
  title={Human cognition involves the dynamic integration of neural activity and neuromodulatory systems},
  author={Shine, James M and Breakspear, Michael and Bell, Peter T and Martens, Kaylena A Ehgoetz and Shine, Richard and Koyejo, Oluwasanmi and Sporns, Olaf and Poldrack, Russell A},
  journal={Nature Neuroscience},
  volume={22},
  number={2},
  pages={289--296},
  year={2019},
  publisher={Nature Publishing Group}
}

@article{simmons2011psychsci,
  title={False-positive psychology: {U}ndisclosed flexibility in data collection and analysis allows presenting anything as significant},
  author={Simmons, Joseph P and Nelson, Leif D and Simonsohn, Uri},
  journal={Psychological Science},
  volume={22},
  number={11},
  pages={1359--1366},
  year={2011},
  publisher={Sage Publications Sage CA: Los Angeles, CA}
}

@article{sklearn,
  title={Scikit-learn: {M}achine learning in {P}ython},
  author={Pedregosa, Fabian and Varoquaux, Ga{\"e}l and Gramfort, Alexandre and Michel, Vincent and Thirion, Bertrand and Grisel, Olivier and Blondel, Mathieu and Prettenhofer, Peter and Weiss, Ron and Dubourg, Vincent and others},
  journal={Journal of Machine Learning Research},
  volume={12},
  number={Oct},
  pages={2825--2830},
  year={2011}
}

@article{sousa2017science,
  title={Molecular and cellular reorganization of neural circuits in the human lineage},
  author={Sousa, Andr{\'e} MM and Zhu, Ying and Raghanti, Mary Ann and Kitchen, Robert R and Onorati, Marco and Tebbenkamp, Andrew TN and Stutz, Bernardo and Meyer, Kyle A and Li, Mingfeng and Kawasawa, Yuka Imamura and others},
  journal={Science},
  volume={358},
  number={6366},
  pages={1027--1032},
  year={2017},
  publisher={American Association for the Advancement of Science}
}

@article{steegen2016psp,
  title={Increasing transparency through a multiverse analysis},
  author={Steegen, Sara and Tuerlinckx, Francis and Gelman, Andrew and Vanpaemel, Wolf},
  journal={Perspectives on Psychological Science},
  volume={11},
  number={5},
  pages={702--712},
  year={2016},
  publisher={Sage Publications Sage CA: Los Angeles, CA}
}

@article{thirion2014frontneurosci,
  title={Which f{M}{R}{I} clustering gives good brain parcellations?},
  author={Thirion, Bertrand and Varoquaux, Ga{\"e}l and Dohmatob, Elvis and Poline, Jean-Baptiste},
  journal={Frontiers in Neuroscience},
  volume={8},
  pages={167},
  year={2014},
  publisher={Frontiers}
}


@article{thompson2020elife,
  title={{M}eta-{R}esearch: {D}ataset decay and the problem of sequential analyses on open datasets},
  author={Thompson, William Hedley and Wright, Jessey and Bissett, Patrick G and Poldrack, Russell A},
  journal={ELife},
  volume={9},
  pages={e53498},
  year={2020},
  publisher={eLife Sciences Publications Limited}
}

@article{valk2021biorxiv,
  title={Functional network plasticity of the human social brain},
  author={Valk, Sofie L and Kanske, Philipp and Park, Bo-yong and Hong, Seok Jun and Boeckler-Raettig, Anne and Trautwein, Fynn-Mathis and Bernhardt, Boris C and Singer, Tania},
  journal={bioRxiv},
  pages={2020--11},
  year={2021},
  publisher={Cold Spring Harbor Laboratory}
}

@article{vanessen2013neuroimage,
  title={The {W}{U}-{M}inn human connectome project: an overview},
  author={Van Essen, David C and Smith, Stephen M and Barch, Deanna M and Behrens, Timothy EJ and Yacoub, Essa and Ugurbil, Kamil and Wu-Minn HCP Consortium and others},
  journal={NeuroImage},
  volume={80},
  pages={62--79},
  year={2013},
  publisher={Elsevier}
}

@article{vertes2016philtrans,
  title={Gene transcription profiles associated with inter-modular hubs and connection distance in human functional magnetic resonance imaging networks},
  author={V{\'e}rtes, Petra E and Rittman, Timothy and Whitaker, Kirstie J and Romero-Garcia, Rafael and V{\'a}{\v{s}}a, Franti{\v{s}}ek and Kitzbichler, Manfred G and Wagstyl, Konrad and Fonagy, Peter and Dolan, Raymond J and Jones, Peter B and others},
  journal={Philosophical Transactions of the Royal Society B: Biological Sciences},
  volume={371},
  number={1705},
  pages={20150362},
  year={2016},
  publisher={The Royal Society}
}

@article{vogel2020natcomm,
  title={Spread of pathological tau proteins through communicating neurons in human Alzheimer's disease},
  author={Vogel, Jacob W and Iturria-Medina, Yasser and Strandberg, Olof T and Smith, Ruben and Levitis, Elizabeth and Evans, Alan C and Hansson, Oskar},
  journal={Nature Communications},
  volume={11},
  number={1},
  pages={1--15},
  year={2020},
  publisher={Nature Publishing Group}
}

@article{wang2018science,
  title={Comprehensive functional genomic resource and integrative model for the human brain},
  author={Wang, Daifeng and Liu, Shuang and Warrell, Jonathan and Won, Hyejung and Shi, Xu and Navarro, Fabio CP and Clarke, Declan and Gu, Mengting and Emani, Prashant and Yang, Yucheng T and others},
  journal={Science},
  volume={362},
  number={6420},
  year={2018},
  publisher={American Association for the Advancement of Science}
}

@article{whitakervertes2016pnas,
  title={Adolescence is associated with genomically patterned consolidation of the hubs of the human brain connectome},
  author={Kirstie J. Whitaker and Petra E. V\'{e}rtes and Rafael Romero-Garcia and Franti\v{s}ek V\'{a}\v{s}a and Michael Moutoussis and Gita Prabhu and Nikolaus Weiskopf and Martina F. Callaghan and Konrad Wagstyl and Timothy Rittman and Roger Tait and Cinly Ooi and John Suckling and Becky Inkster and Peter Fonagy and Raymond J. Dolan and Peter B. Jones and Ian M. Goodyer and the NSPN Consortium and Edward T. Bullmore},
  journal={Proceedings of the National Academy of Sciences},
  volume={113},
  number={32},
  pages={9105--9110},
  year={2016},
  publisher={National Acad Sciences}
}

@article{yao2021cell,
  title={A taxonomy of transcriptomic cell types across the isocortex and hippocampal formation},
  author={Yao, Zizhen and van Velthoven, Cindy TJ and Nguyen, Thuc Nghi and Goldy, Jeff and Sedeno-Cortes, Adriana E and Baftizadeh, Fahimeh and Bertagnolli, Darren and Casper, Tamara and Chiang, Megan and Crichton, Kirsten and others},
  journal={Cell},
  volume={184},
  number={12},
  pages={3222--3241},
  year={2021},
  publisher={Elsevier}
}

@article{zhao2020biorxiv,
  title={Regional radiomics similarity networks ({R}2{S}{N}) in the human brain: reproducibility, small-world and biological basis},
  author={Zhao, Kun and Zheng, Qiang and Che, Tongtong and Martin, Dyrba and Li, Qiongling and Ding, Yanhui and Zheng, Yuanjie and Liu, Yong and Li, Shuyu},
  journal={bioRxiv},
  year={2020},
  publisher={Cold Spring Harbor Laboratory}
}

@article{zheng2019plosbio,
  title={Local vulnerability and global connectivity jointly shape neurodegenerative disease propagation},
  author={Zheng, Ying-Qiu and Zhang, Yu and Yau, Yvonne and Zeighami, Yashar and Larcher, Kevin and Misic, Bratislav and Dagher, Alain},
  journal={PLoS biology},
  volume={17},
  number={11},
  pages={e3000495},
  year={2019},
  publisher={Public Library of Science}
}
